5180.00 0.014433
5182.00 0.014742
5184.00 0.015111
5186.00 0.015162
5188.00 0.015416
5190.00 0.01425
5192.00 0.010857
5194.00 0.011949
5196.00 0.0090749
5198.00 0.010005
5200.00 0.011309
5202.00 0.007856
5204.00 0.0071647
5206.00 0.010048
5208.00 0.0098846
5210.00 0.0079462
5212.00 0.0096117
5214.00 0.010389
5216.00 0.0082878
5218.00 0.0090532
5220.00 0.0076941
5222.00 0.0084715
5224.00 0.007519
5226.00 0.0069534
5228.00 0.0066582
5230.00 0.0053044
5232.00 0.0051074
5234.00 0.0085585
5236.00 0.0092104
5238.00 0.0074521
5240.00 0.0056069
5242.00 0.0060954
5244.00 0.0070977
5246.00 0.0065893
5248.00 0.0075259
5250.00 0.0068366
5252.00 0.0087329
5254.00 0.0082977
5256.00 0.0074254
5258.00 0.0079272
5260.00 0.0069024
5262.00 0.0075739
5264.00 0.0093059
5266.00 0.0090657
5268.00 0.012102
5270.00 0.009767
5272.00 0.0080175
5274.00 0.0073006
5276.00 0.0093523
5278.00 0.013008
5280.00 0.011665
5282.00 0.010217
5284.00 0.0097607
5286.00 0.0078329
5288.00 0.015201
5290.00 0.010596
5292.00 0.011147
5294.00 0.011791
5296.00 0.0096392
5298.00 0.0098573
5300.00 0.013122
5302.00 0.017258
5304.00 0.014658
5306.00 0.011824
5308.00 0.01156
5310.00 0.013734
5312.00 0.012835
5314.00 0.012174
5316.00 0.01498
5318.00 0.012206
5320.00 0.014309
5322.00 0.014576
5324.00 0.011433
5326.00 0.012822
5328.00 0.013784
5330.00 0.013344
5332.00 0.013002
5334.00 0.01503
5336.00 0.014514
5338.00 0.018581
5340.00 0.014958
5342.00 0.01426
5344.00 0.012311
5346.00 0.017691
5348.00 0.023332
5350.00 0.017508
5352.00 0.017536
5354.00 0.020673
5356.00 0.021633
5358.00 0.022239
5360.00 0.021805
5362.00 0.02396
5364.00 0.02016
5366.00 0.01564
5368.00 0.019357
5370.00 0.019735
5372.00 0.01985
5374.00 0.026105
5376.00 0.026427
5378.00 0.030496
5380.00 0.030077
5382.00 0.034502
5384.00 0.035511
5386.00 0.025508
5388.00 0.027887
5390.00 0.031414
5392.00 0.038258
5394.00 0.031713
5396.00 0.030487
5398.00 0.033841
5400.00 0.029865
5402.00 0.029003
5404.00 0.029989
5406.00 0.028944
5408.00 0.031046
5410.00 0.028673
5412.00 0.028205
5414.00 0.025063
5416.00 0.021705
5418.00 0.02501
5420.00 0.025066
5422.00 0.017739
5424.00 0.012968
5426.00 0.015353
5428.00 0.022426
5430.00 0.026093
5432.00 0.03084
5434.00 0.044414
5436.00 0.043136
5438.00 0.05148
5440.00 0.052713
5442.00 0.052723
5444.00 0.06327
5446.00 0.061682
5448.00 0.073255
5450.00 0.065566
5452.00 0.07145
5454.00 0.080397
5456.00 0.085106
5458.00 0.091614
5460.00 0.095209
5462.00 0.1041
5464.00 0.11507
5466.00 0.12961
5468.00 0.11602
5470.00 0.11653
5472.00 0.12636
5474.00 0.10722
5476.00 0.13781
5478.00 0.15401
5480.00 0.14168
5482.00 0.17821
5484.00 0.22027
5486.00 0.18002
5488.00 0.17898
5490.00 0.15984
5492.00 0.20833
5494.00 0.20684
5496.00 0.22017
5498.00 0.23587
5500.00 0.22194
5502.00 0.20555
5504.00 0.22046
5506.00 0.19362
5508.00 0.22033
5510.00 0.24035
5512.00 0.2936
5514.00 0.23488
5516.00 0.26252
5518.00 0.28907
5520.00 0.28153
5522.00 0.25763
5524.00 0.27149
5526.00 0.32614
5528.00 0.30233
5530.00 0.2936
5532.00 0.36278
5534.00 0.39486
5536.00 0.40227
5538.00 0.33284
5540.00 0.32137
5542.00 0.37984
5544.00 0.42399
5546.00 0.36624
5548.00 0.37532
5550.00 0.42721
5552.00 0.46477
5554.00 0.48847
5556.00 0.42026
5558.00 0.43724
5560.00 0.50267
5562.00 0.51785
5564.00 0.60942
5566.00 0.51272
5568.00 0.46692
5570.00 0.56007
5572.00 0.58517
5574.00 0.5418
5576.00 0.62047
5578.00 0.62207
5580.00 0.58544
5582.00 0.58071
5584.00 0.58237
5586.00 0.55862
5588.00 0.74583
5590.00 0.83522
5592.00 0.66748
5594.00 0.55976
5596.00 0.76398
5598.00 0.8085
5600.00 0.72544
5602.00 0.71069
5604.00 0.85601
5606.00 0.82399
5608.00 0.71529
5610.00 0.68397
5612.00 0.99779
5614.00 0.88773
5616.00 0.8791
5618.00 1.0118
5620.00 1.0189
5622.00 1.0017
5624.00 1.0383
5626.00 0.93076
5628.00 0.89512
5630.00 0.85893
5632.00 1.0359
5634.00 1.1835
5636.00 1.1741
5638.00 1.1181
5640.00 1.0395
5642.00 1.0046
5644.00 1.2523
5646.00 1.3767
5648.00 1.3234
5650.00 1.3052
5652.00 1.3461
5654.00 1.3651
5656.00 1.4677
5658.00 1.4272
5660.00 1.4408
5662.00 1.514
5664.00 1.5594
5666.00 1.417
5668.00 1.377
5670.00 1.4493
5672.00 1.423
5674.00 1.5682
5676.00 1.3367
5678.00 1.186
5680.00 1.2216
5682.00 1.1657
5684.00 1.3822
5686.00 1.5309
5688.00 1.4968
5690.00 1.3776
5692.00 1.1327
5694.00 1.114
5696.00 1.2658
5698.00 1.1795
5700.00 1.0833
5702.00 0.95905
5704.00 1.1514
5706.00 1.0065
5708.00 0.5199
5710.00 0.23564
5712.00 0.37844
5714.00 0.83123
5716.00 1.0725
5718.00 1.172
5720.00 1.3301
5722.00 1.3671
5724.00 1.3594
5726.00 1.5571
5728.00 1.7621
5730.00 2.015
5732.00 1.7966
5734.00 1.545
5736.00 1.8105
5738.00 2.1896
5740.00 2.1771
5742.00 1.9053
5744.00 1.7788
5746.00 1.9839
5748.00 2.0515
5750.00 1.8666
5752.00 1.9137
5754.00 2.2084
5756.00 2.1449
5758.00 2.2879
5760.00 2.2005
5762.00 2.2484
5764.00 2.2229
5766.00 2.1139
5768.00 2.1088
5770.00 2.0065
5772.00 1.9072
5774.00 1.8836
5776.00 1.9355
5778.00 2.0361
5780.00 1.9706
5782.00 1.7821
5784.00 1.7954
5786.00 2.1082
5788.00 1.9387
5790.00 1.7228
5792.00 1.7845
5794.00 1.8745
5796.00 1.5588
5798.00 1.3073
5800.00 1.4711
5802.00 1.4321
5804.00 1.1455
5806.00 1.0124
5808.00 1.1683
5810.00 1.1826
5812.00 1.5157
5814.00 1.4989
5816.00 1.3561
5818.00 1.2313
5820.00 1.3824
5822.00 1.6666
5824.00 2.0536
5826.00 2.0464
5828.00 1.8595
5830.00 2.0599
5832.00 2.0812
5834.00 2.0059
5836.00 3.3153
5838.00 2.8106
5840.00 3.0044
5842.00 3.3058
5844.00 2.8695
5846.00 3.5724
5848.00 3.8187
5850.00 3.6762
5852.00 4.196
5854.00 4.5315
5856.00 4.5495
5858.00 4.1568
5860.00 4.3069
5862.00 4.4879
5864.00 4.3235
5866.00 4.3631
5868.00 4.4133
5870.00 4.7903
5872.00 4.3668
5874.00 4.3902
5876.00 4.7656
5878.00 4.6774
5880.00 5.0234
5882.00 4.8565
5884.00 5.0091
5886.00 6.7465
5888.00 5.961
5890.00 1.8532
5892.00 1.189
5894.00 2.8795
5896.00 5.4772
5898.00 5.747
5900.00 5.6854
5902.00 8.5507
5904.00 24.818
5906.00 37.719
5908.00 25.286
5910.00 23.153
5912.00 24.329
5914.00 17.721
5916.00 12.523
5918.00 12.643
5920.00 11.854
5922.00 12.135
5924.00 12.698
5926.00 13.05
5928.00 13.439
5930.00 13.491
5932.00 16.022
5934.00 15.985
5936.00 16.887
5938.00 18.396
5940.00 22.204
5942.00 20.13
5944.00 18.43
5946.00 19.692
5948.00 20.585
5950.00 22.402
5952.00 24.797
5954.00 23.611
5956.00 26.064
5958.00 24.767
5960.00 26.546
5962.00 27.558
5964.00 29.64
5966.00 28.557
5968.00 29.142
5970.00 35.108
5972.00 35.962
5974.00 33.931
5976.00 36.891
5978.00 41.795
5980.00 37.757
5982.00 34.11
5984.00 42.279
5986.00 35.059
5988.00 41.802
5990.00 33.919
5992.00 41.085
5994.00 51.14
5996.00 49.227
5998.00 44.173
6000.00 48.838
6002.00 50.355
6004.00 48.712
6006.00 47.973
6008.00 49.604
6010.00 57.852
6012.00 59.808
6014.00 52.36
6016.00 53.001
6018.00 53.196
6020.00 52.119
6022.00 55.254
6024.00 56.353
6026.00 57.369
6028.00 58.312
6030.00 63.903
6032.00 61.614
6034.00 61.297
6036.00 62.719
6038.00 66.748
6040.00 66.142
6042.00 70.107
6044.00 70.107
6046.00 69.881
6048.00 69.47
6050.00 67.087
6052.00 72.617
6054.00 74.693
6056.00 74.302
6058.00 71.161
6060.00 85.909
6062.00 80.338
6064.00 74.976
6066.00 79.082
6068.00 85.949
6070.00 89.983
6072.00 85.31
6074.00 85.491
6076.00 89.768
6078.00 86.139
6080.00 88.016
6082.00 93.171
6084.00 94.024
6086.00 94.102
6088.00 92.922
6090.00 93.782
6092.00 93.008
6094.00 106.67
6096.00 107.59
6098.00 99.687
6100.00 110.7
6102.00 115.77
6104.00 114.34
6106.00 120.74
6108.00 120.64
6110.00 117.87
6112.00 124.54
6114.00 121.22
6116.00 118.08
6118.00 128.21
6120.00 117.7
6122.00 119.96
6124.00 134.28
6126.00 136.8
6128.00 132.46
6130.00 152.87
6132.00 156.49
6134.00 150.4
6136.00 151.27
6138.00 148.21
6140.00 139.35
6142.00 153.82
6144.00 161.96
6146.00 144
6148.00 146.2
6150.00 161.11
6152.00 156.31
6154.00 169.01
6156.00 160.77
6158.00 161.73
6160.00 166.16
6162.00 175.76
6164.00 173.38
6166.00 179.31
6168.00 184.55
6170.00 185.23
6172.00 186.12
6174.00 189.18
6176.00 177.44
6178.00 186.86
6180.00 197.44
6182.00 180.83
6184.00 186.67
6186.00 180.2
6188.00 190.41
6190.00 202.17
6192.00 196.5
6194.00 204.21
6196.00 223.44
6198.00 216.41
6200.00 205.23
6202.00 228.24
6204.00 233.75
6206.00 220.52
6208.00 210.79
6210.00 237.05
6212.00 232.27
6214.00 235.53
6216.00 220.07
6218.00 244.41
6220.00 248.57
6222.00 269.97
6224.00 244.37
6226.00 275.98
6228.00 262.33
6230.00 255.25
6232.00 259.18
6234.00 280.67
6236.00 292.09
6238.00 296.84
6240.00 295.23
6242.00 298.02
6244.00 308.4
6246.00 331.5
6248.00 316.78
6250.00 303.92
6252.00 328.31
6254.00 285.89
6256.00 319.62
6258.00 342.58
6260.00 352.44
6262.00 404.39
6264.00 363.88
6266.00 352.96
6268.00 389.19
6270.00 393.59
6272.00 359.19
6274.00 388.97
6276.00 450.9
6278.00 495.82
6280.00 437.08
6282.00 434.99
6284.00 385.9
6286.00 438.89
6288.00 437.32
6290.00 439.83
6292.00 468.38
6294.00 432.31
6296.00 439.46
6298.00 445.7
6300.00 392.14
6302.00 412.71
6304.00 511.16
6306.00 478.72
6308.00 467.43
6310.00 469.98
6312.00 488.83
6314.00 483.5
6316.00 501.74
6318.00 482.17
6320.00 463.62
6322.00 483.19
6324.00 486.72
6326.00 483.64
6328.00 556.67
6330.00 532.75
6332.00 488.16
6334.00 490.37
6336.00 530.05
6338.00 533.43
6340.00 553.96
6342.00 561.36
6344.00 607.24
6346.00 663.68
6348.00 594.89
6350.00 572.64
6352.00 568.54
6354.00 571.74
6356.00 608.81
6358.00 605.01
6360.00 604.9
6362.00 627.08
6364.00 605.12
6366.00 570.37
6368.00 569.27
6370.00 575.86
6372.00 593.03
6374.00 660.15
6376.00 666.62
6378.00 609.59
6380.00 608.25
6382.00 575.12
6384.00 637.79
6386.00 653.67
6388.00 626.27
6390.00 664.29
6392.00 692.4
6394.00 660.45
6396.00 584.04
6398.00 586.52
6400.00 578.42
6402.00 579.8
6404.00 623.79
6406.00 631.13
6408.00 615.4
6410.00 585.54
6412.00 623.96
6414.00 647.14
6416.00 607.63
6418.00 554.88
6420.00 594.78
6422.00 636.15
6424.00 602
6426.00 659.05
6428.00 684.48
6430.00 672.79
6432.00 677.95
6434.00 660.33
6436.00 698.43
6438.00 700.94
6440.00 693.43
6442.00 616.99
6444.00 651.75
6446.00 707.29
6448.00 717.93
6450.00 642.87
6452.00 679.77
6454.00 684.1
6456.00 647.08
6458.00 652.53
6460.00 647.2
6462.00 657.9
6464.00 595.28
6466.00 561.93
6468.00 579.7
6470.00 628.41
6472.00 610.94
6474.00 602.12
6476.00 628.12
6478.00 576.08
6480.00 492.08
6482.00 534.76
6484.00 542.55
6486.00 510.55
6488.00 548.38
6490.00 538.02
6492.00 473.59
6494.00 471.45
6496.00 449.57
6498.00 373.32
6500.00 349.27
6502.00 382.4
6504.00 376.29
6506.00 355.01
6508.00 359.29
6510.00 350.46
6512.00 322.91
6514.00 318.21
6516.00 303.03
6518.00 261.55
6520.00 250.1
6522.00 225.03
6524.00 221.31
6526.00 202.9
6528.00 175.13
6530.00 149.2
6532.00 143.58
6534.00 129.42
6536.00 105.39
6538.00 87.587
6540.00 82.209
6542.00 74.425
6544.00 60.982
6546.00 51.804
6548.00 41.153
6550.00 33.847
6552.00 27.144
6554.00 22.599
6556.00 17.081
6558.00 12.251
6560.00 9.5825
6562.00 7.0152
6564.00 4.7093
6566.00 3.1394
6568.00 2.0976
6570.00 1.2472
6572.00 0.60898
6574.00 0.18906
6576.00 0.017208
6578.00 0.00022342
6580.00 0.00014772
6582.00 0.0044332
6584.00 0.22567
6586.00 1.1643
6588.00 2.4479
6590.00 4.0335
6592.00 6.7291
6594.00 9.0949
6596.00 12.5
6598.00 17.534
6600.00 19.962
6602.00 29.368
6604.00 39.203
6606.00 58.884
6608.00 74.165
6610.00 94.042
6612.00 104.38
6614.00 135.34
6616.00 160
6618.00 188.52
6620.00 205.27
6622.00 254.07
6624.00 293.36
6626.00 292.68
6628.00 329.79
6630.00 367.11
6632.00 417.41
6634.00 505.64
6636.00 547.17
6638.00 539.16
6640.00 636.56
6642.00 723.37
6644.00 727.38
6646.00 776.68
6648.00 801.01
6650.00 808.35
6652.00 1005.4
6654.00 1004.2
6656.00 1074.8
6658.00 1126.2
6660.00 1053.4
6662.00 1228
6664.00 1142.2
6666.00 1212.4
6668.00 1375.4
6670.00 1461.8
6672.00 1359.8
6674.00 1339.6
6676.00 1272.8
6678.00 1437.7
6680.00 1453.3
6682.00 1341.8
6684.00 1249.9
6686.00 1309.7
6688.00 1417.2
6690.00 1403.5
6692.00 1127.8
6694.00 600.23
6696.00 712.2
6698.00 1145.4
6700.00 1497.8
6702.00 1788.5
6704.00 1844.2
6706.00 1868.8
6708.00 2067.5
6710.00 2265.5
6712.00 2242.6
6714.00 2235.4
6716.00 1974.1
6718.00 2220
6720.00 2679.7
6722.00 2624.2
6724.00 2913.4
6726.00 2837.4
6728.00 2959.1
6730.00 3246.4
6732.00 3165.5
6734.00 3251.5
6736.00 3163.4
6738.00 3314.1
6740.00 3745.6
6742.00 3851.2
6744.00 3906.2
6746.00 3741.1
6748.00 3831.1
6750.00 4471.4
6752.00 4745.5
6754.00 4429.1
6756.00 4656.7
6758.00 4878.9
6760.00 4781.9
6762.00 4971.4
6764.00 5526.9
6766.00 5342.2
6768.00 5276.2
6770.00 5580.1
6772.00 6160.8
6774.00 6082.5
6776.00 5807.6
6778.00 6391.5
6780.00 5984.7
6782.00 6321.2
6784.00 6363.3
6786.00 6409.1
6788.00 6743.4
6790.00 7112.8
6792.00 7189.9
6794.00 6821.5
6796.00 7129.2
6798.00 7279.1
6800.00 7320.2
6802.00 7675
6804.00 7622.2
6806.00 7470
6808.00 7741.1
6810.00 7693.4
6812.00 8087.2
6814.00 9015.7
6816.00 8164.3
6818.00 8572
6820.00 8751.4
6822.00 8401.6
6824.00 9227.4
6826.00 9118.4
6828.00 8837.3
6830.00 8716.9
6832.00 8968.5
6834.00 9406.8
6836.00 9316.2
6838.00 9706
6840.00 9936.7
6842.00 10109
6844.00 9883.7
6846.00 9662.3
6848.00 9758.9
6850.00 9958.6
6852.00 10028
6854.00 10174
6856.00 10339
6858.00 10528
6860.00 10429
6862.00 8760.3
6864.00 8749.8
6866.00 13921
6868.00 14947
6870.00 11142
6872.00 10788
6874.00 11113
6876.00 10524
6878.00 9123.5
6880.00 9265.7
6882.00 11106
6884.00 12324
6886.00 12518
6888.00 12253
6890.00 11200
6892.00 11056
6894.00 11824
6896.00 11191
6898.00 11241
6900.00 11547
6902.00 12137
6904.00 10804
6906.00 11056
6908.00 11438
6910.00 11135
6912.00 11519
6914.00 11162
6916.00 12693
6918.00 12652
6920.00 12105
6922.00 13680
6924.00 13594
6926.00 13730
6928.00 14813
6930.00 13902
6932.00 14426
6934.00 14922
6936.00 14358
6938.00 14362
6940.00 13538
6942.00 14299
6944.00 13805
6946.00 14556
6948.00 14724
6950.00 15231
6952.00 15229
6954.00 15721
6956.00 16825
6958.00 15979
6960.00 15331
6962.00 14645
6964.00 15307
6966.00 17022
6968.00 15811
6970.00 14840
6972.00 15453
6974.00 16982
6976.00 17675
6978.00 16184
6980.00 17083
6982.00 17803
6984.00 16510
6986.00 17131
6988.00 17093
6990.00 16266
6992.00 17066
6994.00 17937
6996.00 17973
6998.00 16364
7000.00 15826
7002.00 15925
7004.00 15581
7006.00 16942
7008.00 16615
7010.00 16175
7012.00 16086
7014.00 15788
7016.00 15888
7018.00 16764
7020.00 15515
7022.00 14356
7024.00 15858
7026.00 15266
7028.00 14583
7030.00 16299
7032.00 16135
7034.00 15410
7036.00 13713
7038.00 14719
7040.00 15016
7042.00 15552
7044.00 14708
7046.00 13882
7048.00 14724
7050.00 13708
7052.00 14415
7054.00 13309
7056.00 13186
7058.00 13423
7060.00 13209
7062.00 13375
7064.00 13914
7066.00 12302
7068.00 11727
7070.00 12629
7072.00 11972
7074.00 12439
7076.00 11893
7078.00 10077
7080.00 6803.3
7082.00 3588.6
7084.00 3859.8
7086.00 7019.1
7088.00 9485.9
7090.00 10300
7092.00 10378
7094.00 11141
7096.00 11826
7098.00 11077
7100.00 10733
7102.00 11562
7104.00 11162
7106.00 10562
7108.00 10516
7110.00 10101
7112.00 9657
7114.00 9785.9
7116.00 9723.9
7118.00 9649.8
7120.00 9723.9
7122.00 10751
7124.00 10865
7126.00 10689
7128.00 10470
7130.00 10876
7132.00 11464
7134.00 11489
7136.00 11718
7138.00 12352
7140.00 12957
7142.00 14484
7144.00 15987
7146.00 17342
7148.00 17261
7150.00 17051
7152.00 17443
7154.00 19137
7156.00 21383
7158.00 20796
7160.00 20160
7162.00 21975
7164.00 21491
7166.00 22413
7168.00 21995
7170.00 23647
7172.00 24956
7174.00 23712
7176.00 25441
7178.00 24757
7180.00 25475
7182.00 23340
7184.00 26152
7186.00 25357
7188.00 24485
7190.00 26812
7192.00 26206
7194.00 27832
7196.00 29149
7198.00 32006
7200.00 29238
7202.00 28997
7204.00 31490
7206.00 32160
7208.00 33474
7210.00 30511
7212.00 33227
7214.00 38098
7216.00 38612
7218.00 37460
7220.00 38435
7222.00 37840
7224.00 42050
7226.00 42603
7228.00 38925
7230.00 38687
7232.00 43358
7234.00 45243
7236.00 40829
7238.00 43620
7240.00 43870
7242.00 44185
7244.00 44201
7246.00 41982
7248.00 42576
7250.00 43601
7252.00 47722
7254.00 46328
7256.00 44600
7258.00 47333
7260.00 49138
7262.00 51630
7264.00 51002
7266.00 49479
7268.00 52109
7270.00 52978
7272.00 54029
7274.00 56085
7276.00 56684
7278.00 54381
7280.00 55330
7282.00 54771
7284.00 53305
7286.00 55053
7288.00 55842
7290.00 56740
7292.00 61814
7294.00 63248
7296.00 57809
7298.00 50505
7300.00 50830
7302.00 55695
7304.00 56787
7306.00 62751
7308.00 69594
7310.00 68931
7312.00 66082
7314.00 64450
7316.00 64272
7318.00 64717
7320.00 66535
7322.00 67512
7324.00 68387
7326.00 67410
7328.00 66052
7330.00 71413
7332.00 76803
7334.00 76527
7336.00 75019
7338.00 75510
7340.00 81236
7342.00 83576
7344.00 86070
7346.00 76334
7348.00 75731
7350.00 79602
7352.00 82938
7354.00 83255
7356.00 86416
7358.00 86738
7360.00 89272
7362.00 89494
7364.00 90072
7366.00 87634
7368.00 93729
7370.00 94510
7372.00 1.0387e+05
7374.00 99163
7376.00 94917
7378.00 92451
7380.00 89335
7382.00 96628
7384.00 94907
7386.00 94779
7388.00 97820
7390.00 1.0036e+05
7392.00 1.0294e+05
7394.00 98028
7396.00 1.0067e+05
7398.00 99845
7400.00 1.0088e+05
7402.00 1.0269e+05
7404.00 1.0505e+05
7406.00 1.0674e+05
7408.00 1.0751e+05
7410.00 1.0749e+05
7412.00 1.1299e+05
7414.00 1.0541e+05
7416.00 1.0318e+05
7418.00 1.1048e+05
7420.00 1.1387e+05
7422.00 1.1259e+05
7424.00 1.1105e+05
7426.00 1.0853e+05
7428.00 1.0948e+05
7430.00 1.1087e+05
7432.00 1.1446e+05
7434.00 1.0972e+05
7436.00 1.2183e+05
7438.00 1.2525e+05
7440.00 1.1825e+05
7442.00 1.1844e+05
7444.00 1.1353e+05
7446.00 1.2099e+05
7448.00 1.2728e+05
7450.00 1.2646e+05
7452.00 1.2597e+05
7454.00 1.2221e+05
7456.00 1.2607e+05
7458.00 1.2757e+05
7460.00 1.2595e+05
7462.00 1.3148e+05
7464.00 1.2908e+05
7466.00 1.2549e+05
7468.00 1.2984e+05
7470.00 1.2881e+05
7472.00 1.3041e+05
7474.00 1.3265e+05
7476.00 1.3541e+05
7478.00 1.4029e+05
7480.00 1.3554e+05
7482.00 1.2808e+05
7484.00 1.3001e+05
7486.00 1.3557e+05
7488.00 1.389e+05
7490.00 1.4701e+05
7492.00 1.4323e+05
7494.00 1.3976e+05
7496.00 1.3451e+05
7498.00 1.3666e+05
7500.00 1.3435e+05
7502.00 1.3862e+05
7504.00 1.3907e+05
7506.00 1.47e+05
7508.00 1.516e+05
7510.00 1.4786e+05
7512.00 1.5029e+05
7514.00 1.4752e+05
7516.00 1.5291e+05
7518.00 1.4259e+05
7520.00 1.4149e+05
7522.00 1.417e+05
7524.00 1.542e+05
7526.00 1.4814e+05
7528.00 1.472e+05
7530.00 1.5251e+05
7532.00 1.4729e+05
7534.00 1.4638e+05
7536.00 1.4603e+05
7538.00 1.4916e+05
7540.00 1.6179e+05
7542.00 1.4989e+05
7544.00 1.5903e+05
7546.00 1.6653e+05
7548.00 1.5951e+05
7550.00 1.5791e+05
7552.00 1.6135e+05
7554.00 1.5839e+05
7556.00 1.5171e+05
7558.00 1.6068e+05
7560.00 1.6551e+05
7562.00 1.5185e+05
7564.00 1.4967e+05
7566.00 1.5238e+05
7568.00 1.5536e+05
7570.00 1.5915e+05
7572.00 1.605e+05
7574.00 1.5822e+05
7576.00 1.6206e+05
7578.00 1.6089e+05
7580.00 1.5419e+05
7582.00 1.5663e+05
7584.00 1.6578e+05
7586.00 1.7474e+05
7588.00 1.3896e+05
7590.00 1.14e+05
7592.00 1.8333e+05
7594.00 2.8943e+05
7596.00 2.2766e+05
7598.00 1.8711e+05
7600.00 2.2583e+05
7602.00 2.6584e+05
7604.00 2.5691e+05
7606.00 2.2319e+05
7608.00 2.0033e+05
7610.00 1.8689e+05
7612.00 2.1187e+05
7614.00 1.6919e+05
7616.00 90318
7618.00 1.1509e+05
7620.00 2.1066e+05
7622.00 2.4634e+05
7624.00 2.3603e+05
7626.00 2.0882e+05
7628.00 2.0506e+05
7630.00 2.0012e+05
7632.00 2.0599e+05
7634.00 1.9221e+05
7636.00 1.6642e+05
7638.00 2.2075e+05
7640.00 1.6547e+05
7642.00 2.2317e+05
7644.00 1.7551e+05
7646.00 1.7803e+05
7648.00 2.0885e+05
7650.00 1.7178e+05
7652.00 2.2451e+05
7654.00 1.893e+05
7656.00 1.7287e+05
7658.00 2.2924e+05
7660.00 1.6892e+05
7662.00 1.9344e+05
7664.00 2.3395e+05
7666.00 1.9394e+05
7668.00 2.1688e+05
7670.00 2.2291e+05
7672.00 1.9627e+05
7674.00 2.1464e+05
7676.00 2.3729e+05
7678.00 2.1744e+05
7680.00 2.2532e+05
7682.00 2.212e+05
7684.00 2.1201e+05
7686.00 2.3258e+05
7688.00 2.5464e+05
7690.00 2.2333e+05
7692.00 2.4149e+05
7694.00 2.6845e+05
7696.00 2.369e+05
7698.00 2.4264e+05
7700.00 2.4811e+05
7702.00 2.4358e+05
7704.00 2.4622e+05
7706.00 2.4268e+05
7708.00 2.5739e+05
7710.00 2.5513e+05
7712.00 2.4259e+05
7714.00 2.4699e+05
7716.00 2.5652e+05
7718.00 2.8803e+05
7720.00 2.7024e+05
7722.00 2.4931e+05
7724.00 2.6684e+05
7726.00 2.5632e+05
7728.00 2.3483e+05
7730.00 2.5102e+05
7732.00 2.7046e+05
7734.00 2.6289e+05
7736.00 2.6727e+05
7738.00 2.6566e+05
7740.00 2.7348e+05
7742.00 2.7441e+05
7744.00 2.6506e+05
7746.00 2.6677e+05
7748.00 2.7045e+05
7750.00 2.7881e+05
7752.00 2.7901e+05
7754.00 2.7569e+05
7756.00 2.7703e+05
7758.00 2.6961e+05
7760.00 2.6207e+05
7762.00 2.8333e+05
7764.00 2.7484e+05
7766.00 2.635e+05
7768.00 2.8595e+05
7770.00 2.8979e+05
7772.00 2.9073e+05
7774.00 2.8012e+05
7776.00 2.8993e+05
7778.00 3.0006e+05
7780.00 3.0501e+05
7782.00 3.0478e+05
7784.00 2.893e+05
7786.00 3.0347e+05
7788.00 3.2464e+05
7790.00 3.0963e+05
7792.00 3.2059e+05
7794.00 3.2945e+05
7796.00 3.2722e+05
7798.00 3.4127e+05
7800.00 3.3264e+05
7802.00 3.2489e+05
7804.00 3.3472e+05
7806.00 3.3828e+05
7808.00 3.2602e+05
7810.00 3.3152e+05
7812.00 3.6053e+05
7814.00 3.532e+05
7816.00 3.7242e+05
7818.00 3.7134e+05
7820.00 3.8069e+05
7822.00 4.0267e+05
7824.00 3.9118e+05
7826.00 3.7434e+05
7828.00 3.8899e+05
7830.00 3.7419e+05
7832.00 3.5871e+05
7834.00 3.7733e+05
7836.00 3.6111e+05
7838.00 3.8685e+05
7840.00 3.8978e+05
7842.00 3.8722e+05
7844.00 4.0038e+05
7846.00 3.947e+05
7848.00 3.8359e+05
7850.00 3.9203e+05
7852.00 3.908e+05
7854.00 3.7163e+05
7856.00 3.7476e+05
7858.00 3.8664e+05
7860.00 3.921e+05
7862.00 3.9643e+05
7864.00 4.108e+05
7866.00 3.8438e+05
7868.00 3.9713e+05
7870.00 4.2913e+05
7872.00 4.1565e+05
7874.00 4.1038e+05
7876.00 4.0237e+05
7878.00 3.9789e+05
7880.00 4.0463e+05
7882.00 4.1312e+05
7884.00 4.1552e+05
7886.00 4.4566e+05
7888.00 4.2449e+05
7890.00 4.2196e+05
7892.00 4.0945e+05
7894.00 4.0707e+05
7896.00 4.3059e+05
7898.00 4.2706e+05
7900.00 4.2574e+05
7902.00 4.4297e+05
7904.00 4.2409e+05
7906.00 4.3601e+05
7908.00 4.4354e+05
7910.00 4.0524e+05
7912.00 4.5346e+05
7914.00 4.8966e+05
7916.00 4.4677e+05
7918.00 4.5533e+05
7920.00 4.6473e+05
7922.00 4.8376e+05
7924.00 4.9798e+05
7926.00 4.8685e+05
7928.00 4.9287e+05
7930.00 4.8007e+05
7932.00 4.7159e+05
7934.00 4.7658e+05
7936.00 4.6923e+05
7938.00 4.8089e+05
7940.00 4.7457e+05
7942.00 4.5298e+05
7944.00 4.855e+05
7946.00 4.7523e+05
7948.00 4.9784e+05
7950.00 5.3192e+05
7952.00 5.2642e+05
7954.00 5.4859e+05
7956.00 5.4363e+05
7958.00 5.2526e+05
7960.00 5.0656e+05
7962.00 4.9457e+05
7964.00 5.0761e+05
7966.00 5.0641e+05
7968.00 5.305e+05
7970.00 5.3642e+05
7972.00 5.3342e+05
7974.00 5.4715e+05
7976.00 5.2921e+05
7978.00 5.2469e+05
7980.00 5.3117e+05
7982.00 5.3328e+05
7984.00 5.2039e+05
7986.00 5.1171e+05
7988.00 5.3854e+05
7990.00 5.5407e+05
7992.00 5.3297e+05
7994.00 5.5733e+05
7996.00 5.4255e+05
7998.00 5.2855e+05
8000.00 5.4982e+05
8002.00 5.406e+05
8004.00 5.7255e+05
8006.00 5.5798e+05
8008.00 5.7677e+05
8010.00 5.9273e+05
8012.00 5.6537e+05
8014.00 5.5887e+05
8016.00 5.5404e+05
8018.00 5.6946e+05
8020.00 5.9374e+05
8022.00 5.7943e+05
8024.00 6.0178e+05
8026.00 5.8779e+05
8028.00 5.6988e+05
8030.00 5.8976e+05
8032.00 5.7696e+05
8034.00 6.0805e+05
8036.00 5.6294e+05
8038.00 5.961e+05
8040.00 6.2436e+05
8042.00 6.1807e+05
8044.00 6.2958e+05
8046.00 6.2817e+05
8048.00 6.3813e+05
8050.00 6.0534e+05
8052.00 5.9853e+05
8054.00 6.1035e+05
8056.00 5.9034e+05
8058.00 6.7524e+05
8060.00 6.5631e+05
8062.00 6.5077e+05
8064.00 6.4094e+05
8066.00 5.9855e+05
8068.00 6.4758e+05
8070.00 6.9284e+05
8072.00 6.9848e+05
8074.00 6.6749e+05
8076.00 6.8529e+05
8078.00 6.3534e+05
8080.00 6.3976e+05
8082.00 6.4125e+05
8084.00 6.6934e+05
8086.00 6.7145e+05
8088.00 6.1516e+05
8090.00 6.4187e+05
8092.00 6.6415e+05
8094.00 6.7267e+05
8096.00 6.83e+05
8098.00 6.5689e+05
8100.00 6.4919e+05
8102.00 6.7014e+05
8104.00 6.7349e+05
8106.00 6.266e+05
8108.00 6.9877e+05
8110.00 6.8268e+05
8112.00 6.5759e+05
8114.00 6.9767e+05
8116.00 6.7056e+05
8118.00 6.6237e+05
8120.00 6.7243e+05
8122.00 7.1591e+05
8124.00 7.3034e+05
8126.00 6.9674e+05
8128.00 6.6225e+05
8130.00 6.5275e+05
8132.00 6.9029e+05
8134.00 6.7862e+05
8136.00 6.8091e+05
8138.00 7.1272e+05
8140.00 6.8255e+05
8142.00 6.6064e+05
8144.00 7.0108e+05
8146.00 7.2453e+05
8148.00 6.872e+05
8150.00 6.9781e+05
8152.00 7.2088e+05
8154.00 7.0431e+05
8156.00 6.8592e+05
8158.00 6.6996e+05
8160.00 7.1953e+05
8162.00 7.2271e+05
8164.00 6.8998e+05
8166.00 6.9135e+05
8168.00 7.1169e+05
8170.00 7.0188e+05
8172.00 6.6399e+05
8174.00 7.1946e+05
8176.00 7.2508e+05
8178.00 6.7606e+05
8180.00 6.7037e+05
8182.00 7.3903e+05
8184.00 6.7563e+05
8186.00 6.8072e+05
8188.00 7.0214e+05
8190.00 7.2711e+05
8192.00 7.4871e+05
8194.00 6.8482e+05
8196.00 6.938e+05
8198.00 7.1411e+05
8200.00 7.2105e+05
8202.00 6.8265e+05
8204.00 7.145e+05
8206.00 6.7985e+05
8208.00 7.3621e+05
8210.00 7.8732e+05
8212.00 7.1582e+05
8214.00 6.6067e+05
8216.00 6.7186e+05
8218.00 6.7812e+05
8220.00 6.9707e+05
8222.00 6.8e+05
8224.00 6.9594e+05
8226.00 7.3207e+05
8228.00 7.3533e+05
8230.00 6.7813e+05
8232.00 6.7297e+05
8234.00 6.7244e+05
8236.00 6.7449e+05
8238.00 6.7388e+05
8240.00 7.3817e+05
8242.00 7.5182e+05
8244.00 6.9868e+05
8246.00 6.814e+05
8248.00 6.4458e+05
8250.00 6.4037e+05
8252.00 5.9353e+05
8254.00 5.9066e+05
8256.00 6.1551e+05
8258.00 6.4055e+05
8260.00 6.8594e+05
8262.00 7.4763e+05
8264.00 8.0169e+05
8266.00 8.0152e+05
8268.00 7.4643e+05
8270.00 7.3991e+05
8272.00 8.1466e+05
8274.00 8.2267e+05
8276.00 7.8378e+05
8278.00 7.5178e+05
8280.00 7.9733e+05
8282.00 7.7815e+05
8284.00 7.6991e+05
8286.00 8.081e+05
8288.00 8.2573e+05
8290.00 9.0072e+05
8292.00 9.296e+05
8294.00 9.3733e+05
8296.00 9.0843e+05
8298.00 8.6678e+05
8300.00 8.4983e+05
8302.00 9.2685e+05
8304.00 9.4926e+05
8306.00 9.0852e+05
8308.00 9.41e+05
8310.00 9.5564e+05
8312.00 8.9213e+05
8314.00 8.6829e+05
8316.00 9.3326e+05
8318.00 9.6495e+05
8320.00 9.6688e+05
8322.00 9.8455e+05
8324.00 1.0725e+06
8326.00 1.0313e+06
8328.00 9.6667e+05
8330.00 9.6246e+05
8332.00 1.0895e+06
8334.00 1.0779e+06
8336.00 1.0232e+06
8338.00 1.0467e+06
8340.00 1.0547e+06
8342.00 1.0412e+06
8344.00 1.0278e+06
8346.00 1.0931e+06
8348.00 1.1635e+06
8350.00 1.1686e+06
8352.00 1.0539e+06
8354.00 1.1373e+06
8356.00 1.0602e+06
8358.00 1.1504e+06
8360.00 1.1013e+06
8362.00 1.133e+06
8364.00 1.0847e+06
8366.00 1.0825e+06
8368.00 1.0805e+06
8370.00 1.0681e+06
8372.00 1.1205e+06
8374.00 1.2658e+06
8376.00 1.2465e+06
8378.00 1.1358e+06
8380.00 1.1113e+06
8382.00 1.1092e+06
8384.00 1.1581e+06
8386.00 1.1143e+06
8388.00 1.1473e+06
8390.00 1.2238e+06
8392.00 1.2446e+06
8394.00 1.3389e+06
8396.00 1.4179e+06
8398.00 1.357e+06
8400.00 1.3237e+06
8402.00 1.5227e+06
8404.00 1.4547e+06
8406.00 1.2622e+06
8408.00 1.2708e+06
8410.00 1.3679e+06
8412.00 1.3606e+06
8414.00 1.3186e+06
8416.00 1.4051e+06
8418.00 1.485e+06
8420.00 1.5044e+06
8422.00 1.5042e+06
8424.00 1.582e+06
8426.00 1.5481e+06
8428.00 1.5062e+06
8430.00 1.5032e+06
8432.00 1.4484e+06
8434.00 1.3673e+06
8436.00 1.3303e+06
8438.00 1.4246e+06
8440.00 1.4817e+06
8442.00 1.453e+06
8444.00 1.4775e+06
8446.00 1.4897e+06
8448.00 1.5203e+06
8450.00 1.5812e+06
8452.00 1.592e+06
8454.00 1.6434e+06
8456.00 1.628e+06
8458.00 1.6312e+06
8460.00 1.6632e+06
8462.00 1.7003e+06
8464.00 1.6244e+06
8466.00 1.4951e+06
8468.00 1.5405e+06
8470.00 1.527e+06
8472.00 1.5403e+06
8474.00 1.5201e+06
8476.00 1.5292e+06
8478.00 1.5111e+06
8480.00 1.4634e+06
8482.00 1.5997e+06
8484.00 1.5792e+06
8486.00 1.5778e+06
8488.00 1.5348e+06
8490.00 1.5264e+06
8492.00 1.5791e+06
8494.00 1.7225e+06
8496.00 1.5968e+06
8498.00 1.633e+06
8500.00 1.6415e+06
8502.00 1.6363e+06
8504.00 1.7265e+06
8506.00 1.7297e+06
8508.00 1.7333e+06
8510.00 1.7555e+06
8512.00 1.8405e+06
8514.00 1.8095e+06
8516.00 1.836e+06
8518.00 1.8527e+06
8520.00 1.8479e+06
8522.00 1.8391e+06
8524.00 1.8534e+06
8526.00 1.7596e+06
8528.00 1.7524e+06
8530.00 1.9457e+06
8532.00 1.9503e+06
8534.00 1.8836e+06
8536.00 1.8738e+06
8538.00 1.9021e+06
8540.00 1.8957e+06
8542.00 1.8691e+06
8544.00 1.8479e+06
8546.00 1.8923e+06
8548.00 1.8828e+06
8550.00 1.8331e+06
8552.00 1.8058e+06
8554.00 1.9341e+06
8556.00 2.0399e+06
8558.00 1.982e+06
8560.00 1.9778e+06
8562.00 1.9233e+06
8564.00 1.8067e+06
8566.00 1.8294e+06
8568.00 1.8503e+06
8570.00 1.9432e+06
8572.00 2.0225e+06
8574.00 1.969e+06
8576.00 1.9428e+06
8578.00 2.0462e+06
8580.00 2.223e+06
8582.00 2.2566e+06
8584.00 2.1882e+06
8586.00 2.2291e+06
8588.00 2.3291e+06
8590.00 2.2229e+06
8592.00 2.0474e+06
8594.00 1.9504e+06
8596.00 1.9813e+06
8598.00 1.9571e+06
8600.00 1.9689e+06
8602.00 2.0272e+06
8604.00 1.9616e+06
8606.00 1.8913e+06
8608.00 2.0115e+06
8610.00 2.0415e+06
8612.00 2.0798e+06
8614.00 2.0504e+06
8616.00 2.0878e+06
8618.00 1.8974e+06
8620.00 1.8265e+06
8622.00 1.907e+06
8624.00 2.0616e+06
8626.00 2.101e+06
8628.00 2.1837e+06
8630.00 2.2077e+06
8632.00 2.213e+06
8634.00 2.3949e+06
8636.00 2.2433e+06
8638.00 2.3124e+06
8640.00 2.4847e+06
8642.00 2.402e+06
8644.00 2.3334e+06
8646.00 2.3735e+06
8648.00 2.459e+06
8650.00 2.4947e+06
8652.00 2.4339e+06
8654.00 2.4839e+06
8656.00 2.4006e+06
8658.00 2.5395e+06
8660.00 2.4905e+06
8662.00 2.4072e+06
8664.00 2.4248e+06
8666.00 2.5217e+06
8668.00 2.3778e+06
8670.00 2.2841e+06
8672.00 2.4099e+06
8674.00 2.3343e+06
8676.00 2.501e+06
8678.00 2.5078e+06
8680.00 2.5646e+06
8682.00 2.4603e+06
8684.00 2.3211e+06
8686.00 2.3281e+06
8688.00 2.3588e+06
8690.00 2.4671e+06
8692.00 2.5381e+06
8694.00 2.743e+06
8696.00 2.6914e+06
8698.00 2.684e+06
8700.00 2.7096e+06
8702.00 2.5876e+06
8704.00 2.6887e+06
8706.00 2.5921e+06
8708.00 2.646e+06
8710.00 2.5484e+06
8712.00 2.5425e+06
8714.00 2.6064e+06
8716.00 2.6255e+06
8718.00 2.6513e+06
8720.00 2.7316e+06
8722.00 2.6978e+06
8724.00 2.6861e+06
8726.00 2.6713e+06
8728.00 2.5854e+06
8730.00 2.5541e+06
8732.00 2.6906e+06
8734.00 2.6506e+06
8736.00 2.5012e+06
8738.00 2.5298e+06
8740.00 2.6508e+06
8742.00 2.8552e+06
8744.00 2.8696e+06
8746.00 2.8107e+06
8748.00 2.9158e+06
8750.00 2.8783e+06
8752.00 2.8509e+06
8754.00 2.8474e+06
8756.00 2.8185e+06
8758.00 2.9223e+06
8760.00 2.9135e+06
8762.00 2.9828e+06
8764.00 3.0172e+06
8766.00 3.0912e+06
8768.00 2.9696e+06
8770.00 2.7274e+06
8772.00 2.6052e+06
8774.00 2.8686e+06
8776.00 2.9265e+06
8778.00 3.0065e+06
8780.00 3.1656e+06
8782.00 3.0706e+06
8784.00 3.0068e+06
8786.00 3.0688e+06
8788.00 3.0653e+06
8790.00 3.049e+06
8792.00 3.0688e+06
8794.00 3.2241e+06
8796.00 3.2409e+06
8798.00 3.2042e+06
8800.00 2.7755e+06
8802.00 2.726e+06
8804.00 2.7305e+06
8806.00 2.7848e+06
8808.00 2.8978e+06
8810.00 2.8482e+06
8812.00 2.7929e+06
8814.00 2.8173e+06
8816.00 2.8038e+06
8818.00 2.7673e+06
8820.00 2.8652e+06
8822.00 2.9724e+06
8824.00 2.9546e+06
8826.00 3.0516e+06
8828.00 3.0578e+06
8830.00 2.9253e+06
8832.00 2.9568e+06
8834.00 2.8538e+06
8836.00 2.9103e+06
8838.00 2.8467e+06
8840.00 3.0064e+06
8842.00 3.0154e+06
8844.00 2.932e+06
8846.00 3.0421e+06
8848.00 2.9256e+06
8850.00 2.7812e+06
8852.00 2.6087e+06
8854.00 2.5183e+06
8856.00 2.6267e+06
8858.00 2.552e+06
8860.00 2.8454e+06
8862.00 2.8667e+06
8864.00 2.6873e+06
8866.00 2.5961e+06
8868.00 2.6289e+06
8870.00 2.8182e+06
8872.00 2.9366e+06
8874.00 3.0319e+06
8876.00 3.1124e+06
8878.00 3.0193e+06
8880.00 2.9753e+06
8882.00 2.7991e+06
8884.00 2.7439e+06
8886.00 2.6723e+06
8888.00 2.8494e+06
8890.00 3.0487e+06
8892.00 3.0226e+06
8894.00 3.0978e+06
8896.00 3.1751e+06
8898.00 3.3414e+06
8900.00 3.2464e+06
8902.00 3.3863e+06
8904.00 3.4841e+06
8906.00 3.349e+06
8908.00 3.4697e+06
8910.00 3.6682e+06
8912.00 3.5223e+06
8914.00 3.3505e+06
8916.00 3.287e+06
8918.00 3.2207e+06
8920.00 3.2793e+06
8922.00 3.5234e+06
8924.00 3.4585e+06
8926.00 3.4339e+06
8928.00 3.4046e+06
8930.00 3.6337e+06
8932.00 3.4627e+06
8934.00 3.271e+06
8936.00 3.3339e+06
8938.00 3.5535e+06
8940.00 3.573e+06
8942.00 3.6669e+06
8944.00 3.6589e+06
8946.00 3.2709e+06
